<record><leader>00000cas a22000007a 4500</leader><controlfield tag="001">9677654</controlfield><controlfield tag="008">830707d19271927nyuwr ne      0    0ita d</controlfield><datafield ind1=" " ind2=" " tag="010"><subfield code="a">sn 83045742 </subfield></datafield><datafield ind1=" " ind2=" " tag="040"><subfield code="a">CRL</subfield><subfield code="b">eng</subfield><subfield code="c">CRL</subfield><subfield code="d">NPW</subfield><subfield code="d">CNQ</subfield><subfield code="d">MGN</subfield><subfield code="d">YOX</subfield><subfield code="d">OCLCQ</subfield><subfield code="d">OCLCF</subfield><subfield code="d">OCLCO</subfield></datafield><datafield ind1="1" ind2=" " tag="029"><subfield code="a">AU@</subfield><subfield code="b">000025817771</subfield></datafield><datafield ind1=" " ind2=" " tag="042"><subfield code="a">msc</subfield></datafield><datafield ind1=" " ind2=" " tag="043"><subfield code="a">n-us-ny</subfield></datafield><datafield ind1="0" ind2=" " tag="130"><subfield code="a">Unione (Rochester, N.Y.)</subfield></datafield><datafield ind1="1" ind2="2" tag="245"><subfield code="a">L'Unione.</subfield></datafield><datafield ind1=" " ind2=" " tag="260"><subfield code="a">Rochester, N.Y. :</subfield><subfield code="b">V. Massari,</subfield><subfield code="c">1927.</subfield></datafield><datafield ind1=" " ind2=" " tag="300"><subfield code="a">1 v. :</subfield><subfield code="b">ill.</subfield></datafield><datafield ind1=" " ind2=" " tag="310"><subfield code="a">Weekly</subfield></datafield><datafield ind1="0" ind2=" " tag="362"><subfield code="a">Anno 10, no. 1 (7 genn. 1927)-anno 10, n. 12 e 13 (1 e 8 apr. 1927).</subfield></datafield><datafield ind1=" " ind2=" " tag="500"><subfield code="a">Issued also in Pueblo, Colo.</subfield></datafield><datafield ind1=" " ind2=" " tag="546"><subfield code="a">In Italian.</subfield></datafield><datafield ind1=" " ind2="0" tag="650"><subfield code="a">Italians</subfield><subfield code="z">New York (State)</subfield><subfield code="z">Rochester</subfield><subfield code="v">Newspapers.</subfield></datafield><datafield ind1=" " ind2="7" tag="655"><subfield code="a">Newspapers.</subfield><subfield code="2">fast</subfield><subfield code="0">(OCoLC)fst01423814</subfield></datafield><datafield ind1=" " ind2="7" tag="650"><subfield code="a">Italians.</subfield><subfield code="2">fast</subfield><subfield code="0">(OCoLC)fst00980750</subfield></datafield><datafield ind1=" " ind2="7" tag="651"><subfield code="a">New York (State)</subfield><subfield code="z">Rochester.</subfield><subfield code="2">fast</subfield><subfield code="0">(OCoLC)fst01204680</subfield></datafield><datafield ind1=" " ind2=" " tag="752"><subfield code="a">United States</subfield><subfield code="b">New York</subfield><subfield code="c">Monroe</subfield><subfield code="d">Rochester.</subfield></datafield><datafield ind1="0" ind2="0" tag="780"><subfield code="t">Abruzzo-Molise</subfield><subfield code="w">(DLC)sn 83045743</subfield></datafield><datafield ind1="0" ind2="4" tag="785"><subfield code="t">Unione (Pueblo, Colo.)</subfield><subfield code="w">(DLC)sn 83045690</subfield></datafield></record>